1.  International Commission on Illumination, Recommendations on Uniform Color
    Spaces, Color Difference Equations, and Psychometric Color Terms,
Supplement 
    No. 2 to CIE Publication No. 15, E - 1.3.1 Colorimetry, 2nd ed., TC - 1.3
    Colorimetry, Central Bureau de la CIE, Vienna, (1986).

2.  Fred W. Billmeyer, Jr., and Max Saltzman, Principles of Color Technology,
    2nd ed., Wiley Interscience, New York,(1981).

3.  Gunter Wyszecki and W. S. Stiles, Color Science, 2nd ed., Wiley
    Interscience, New York, (1982).

4.  Novia Weiman, Joann M. Taylor, Robert J. Beaton, and Roxanna Rochat,
    A Human Performance Comparison of Two Color Order Systems: HLS vs. RGB Using
    a Color Matching Task, Internal Technical Report Number HFR - 613 - 01,
    Tektronix Laboratories, (1986).

5.  Joann M. Taylor, Gerald M. Murch, and Paul A. McManus, "TekHVC: A Uniform
    Perceptual Color System for Display Users", Proceedings of the SID,
    Vol 30/1, 1989.

6.  Tektronix, Inc., TekColor Color Management System: System Implementor's
    Manual, Tektronix Laboratories, Tektronix, Inc., March 1990.

7.  Al Tabayoyon, and Joann M. Taylor, Integrated Color Management in the X 
    Window System, SID International Symposium Digest of Technical Papers,
    Vol 22/1, 1991.
